@article{Eales_2016,
   title={The Galaxy End Sequence},
   volume={465},
   ISSN={1365-2966},
   url={http://dx.doi.org/10.1093/mnras/stw2875},
   DOI={10.1093/mnras/stw2875},
   number={3},
   journal={Monthly Notices of the Royal Astronomical Society},
   publisher={Oxford University Press (OUP)},
   author={Eales, Stephen and de Vis, Pieter and W. L. Smith, Matthew and Appah, Kiran and Ciesla, Laure and Duffield, Chris and Schofield, Simon},
   year={2016},
   month={Nov},
   pages={3125–3133}
}

@article{EAGLE,
   title={The eagle simulations of galaxy formation: Public release of halo and galaxy catalogues},
   volume={15},
   ISSN={2213-1337},
   url={http://dx.doi.org/10.1016/j.ascom.2016.02.004},
   DOI={10.1016/j.ascom.2016.02.004},
   journal={Astronomy and Computing},
   publisher={Elsevier BV},
   author={McAlpine, S. and Helly, J.C. and Schaller, M. and Trayford, J.W. and Qu, Y. and Furlong, M. and Bower, R.G. and Crain, R.A. and Schaye, J. and Theuns, T. and et al.},
   year={2016},
   month={Apr},
   pages={72–89}
}

@misc{Alton2016,
  title = {The end of the line},
  author={Alton, Paddy},
  organization = {Astrobites}, 
  year={2016},
  url={https://astrobites.org/2016/11/10/the-end-of-the-line/},
  note = {Accessed: 2021-05-11},
  }

@misc{sim,
  title = {The {EAGLE} Project},
  organization = {Institute for Computational Cosmology}, 
  year={2016},
  url={http://icc.dur.ac.uk/Eagle/about.php},
  note = {Accessed: 2021-05-11},
  }
